

@BOOK{metoda:Evgenev,
author = "{Евгенев Г.Б.}",
title = "Технология создания интеллектуальных систем проектирования",
address = "М.",
publisher = "Изд-во МГТУ им. Н.Э. Баумана",
year = 2010,
numpages = 55,
language = "russian"
}

@BOOK{OOP,
author = "Г.Буч and Р.Максимчук",
title = "Объектно-ориентированный анализ и проектирование",
address = "М.",
publisher = "«Вильямс»",
year = 2008,
numpages = 721,
language = "russian"
} 

@BOOK{UMLBook,
author = "Дж.Рамбо and М.Блаха",
title = "Объектно-ориентированное моделирование и разработка",
address = "СПб.",
publisher = "Питер",
year = 2007,
numpages = 544,
language = "russian"
}

@BOOK{Exp1,
author = "Дж.Джарратано and Г.Райли",
title = "Экспертные системы: принципы разработки и программирование",
address = "М.",
publisher = "«Вильямс»",
year = 2006,
numpages = 1152,
language = "russian"
} 


@BOOK{Exp2,
author = "Форсайт Р.",
title = "Экспертные системы. Принципы работы и примеры",
address = "М.",
publisher = "Радио и связь",
year = 1987,
numpages = 224,
language = "russian"
} 


@BOOK{Shildt,
author = "Г. Шилдт",
title = "Java. Полное руководство",
address = "М.",
publisher = " «Вильямс»",
year = 2012,
numpages = 1104,
language = "russian"
} 


@BOOK{Java2,
author = "Г.Шилдт",
title = "Библиотека Swing для Java: руководство для начинающих",
address = "М.",
publisher = " «Вильямс»",
year = 2007,
numpages = 704,
language = "russian"
} 


@BOOK{Python1,
author = "Д.Бизли",
title = "Python. Подробный справочник",
address = "СПб.",
publisher = " Символ-плюс",
year = 2010,
numpages = 864,
language = "russian"
}



@BOOK{KP1,
author = "Еремейкин П.А.",
title = "Курсовой проект. Калькулятор режимов резания",
year = 2013,
language = "russian"
}

@BOOK{KP2,
author = "Еремейкин П.А.",
title = "Курсовой проект. Анализ технологических деформаций нежестких деталей",
year = 2014,
language = "russian"
}

@BOOK{KP3,
author = "Еремейкин П.А.",
title = "Курсовой проект. Система информационной поддержки определения режимов резнаия тонкостенных деталей",
year = 2014,
language = "russian"
}

@BOOK{Bloch,
author = "Joshua Bloch",
title = "Effective Java",
publisher = "Addison-Wesley",
year = 2008,
numpages = 346,
language = "english"
} 

@BOOK{book:NetBeans,
author = "Heiko Böck",
title = "The Define Guide to NetBeans Platform 7",
publisher = " Apress",
year = 2012,
numpages = 558,
language = "english"
}  

 
@MISC{web:SQLite,
      TITLE = "SQLite Wikipedia",
      NOTE = "\url{https://ru.wikipedia.org/wiki/SQLite}"
}

@MISC{web:RedMonk,
      TITLE = "The RedMonk Programming Language Rankings: June 2015",
      url = "http://redmonk.com/sogrady/2015/07/01/language-rankings-6-15"
}


@MISC{web:DZone,
      TITLE = "Choosing Static vs. Dynamic Languages for Your Startup - DZone Web Dev",
      url = "https://dzone.com/articles/should-your-static-go-static"
}

@ARTICLE{article:zhargalova,
  author = "{Гаврюшин С.C.} and {Жаргалова А.Д.} and {Лазаренко Г.П.} and {Семисалов В.И.} ",
  title = "Метод определения условий механической обработки тонкостенных деталей.",
  year = 2015,
  number = "11",
  pages = "53--60",
  journal = "Известия высших учебных заведений.  Машиностроение.",
  doi = "10.18698/0536-1044-2015-11-53-61."

}

@ARTICLE{article:erem1,
	author = "{Еремейкин П.А.}",
	title = "Разработка программного инструмента для расчета режимов резания токарной обработки «Калькулятор»",
	year = 2014,
	number = "7",
	journal = "Молодежный научно-технический вестник. Электрон. журн.",
	url 		  =  "http://sntbul.bmstu.ru/doc/791980.html",
}


@ARTICLE{article:erem2,
	author = "{Еремейкин П.А.}",
	title = "Система анализа деформаций тонкостенных деталей при токарной обработке",
	year = 2016,
	number = "5",
	journal = "Молодежный научно-технический вестник. Электрон. журн.",
	url 		  =  "http://sntbul.bmstu.ru/doc/840485.html",
}

@MANUAL{spec:UML,
    organization  =  "Object Management Group",
    title         =  "Unified Modeling Language",
    year          =  "March 2015",
	url 		  =  "http://www.omg.org/spec/UML/2.5",
    note          =  "Version 2.5"
}


@BOOK{book:Kosilova,
	author = "{Косилова~А.Г.} and {Мещеряков~Р.К.}",
	title = "Справочник технолога-машиностроителя. В 2-х т.",
	address = "М.",
	publisher = " Машиностроение",
	volume = {2},
	year = 1986,
	numpages = 418,
	language = "russian"
}


@MANUAL{gost:19102,
	organization  =  "ГОСТ 19.102-77. ЕСПД. Стадии разработки."
}

@MANUAL{gost:120002 ,
	organization  =  "ГОСТ 12.0.002-80. ССБТ. Термины и определения."
}

@BOOK{metoda:Economy,
	author = "{Арсеньев В.В.} and {Сажин Ю.Б.}",
	address = "М.",
	title = "Методические указания к выполнению огранизационно-экономической части дипломных проектов по созданию программной продукции",
	publisher = " Издательство МГТУ",
	year = 1994,
	numpages = 52,
	language = "russian"
}  

@BOOK{book:BZD,
	author = "{Белов С.В.} and {Девисилов В.А.} and {Ильницкая А.В.} and {Козьяков А.Ф.} and {Павличин Г.П.} and {Переездчиков И.В.} and {Сивков В.П.} and {Смирнов С.Г.} ",
	title = "Безопасность жизнедеятельности: учебник для вузов",
	address = "М.",
	publisher = "Высш. шк.",
	edition = "7-е изд., стер.",
	year = 2007,
	numpages = 616,
	language = "russian"
}  

@BOOK{metoda:BZDTip,
	author = "{Сивков В.П.} and {Смирнов С.Г.} and {Козьяков А.Ф.} and {Терехин А.С.}  and  {Пышкина Э.П.} and {Яковлева Л.Ф.} and {Тупов В.В.} and {Павлихин Г.П.} ",
	title = "Сборник типовых расчетов для дипломного проектирования",
	address = "М.",
	publisher = " Издательство МГТУ",
	year = 1978,
	numpages = 80,
	language = "russian"
}  

@MISC{web:RedMonk,
	TITLE = "The RedMonk Programming Language Rankings: June 201511",
	url = "http://redmonk.com/sogrady/2015/07/01/language-rankings-6-15"
}

@MISC{web:J2EEPatterns,
 	TITLE = "Core J2EE Patterns~-~Data Access Objects. Sun Microsystems Inc.",
 	url = "http://www.oracle.com/technetwork/java\\/dataaccessobject-138824.html"
}

@MISC{web:DroolsOfficial,
	TITLE = "Drools Documentation. JBoss.",
	url = "http://docs.jboss.org/drools/release/6.4.0.Final/drools-docs/html/ch01"
}